<?xml version="1.0" encoding="UTF-8"?><collection xmlns="http://www.loc.gov/MARC21/slim"><record><leader>00316nam--2200121-i-4500</leader><controlfield tag="001">000004375</controlfield><controlfield tag="002">20161230</controlfield><controlfield tag="005">20161230201025</controlfield><controlfield tag="008">060222s1000------------r-----000-0-eng-d</controlfield><datafield ind1=" " ind2=" " tag="100"><subfield code="a">Boone, Milton E</subfield></datafield><datafield ind1=" " ind2=" " tag="245"><subfield code="a">Circuit theory of electron devices</subfield></datafield><datafield ind1=" " ind2=" " tag="260"><subfield code="a">New York, John Wiley &amp; Sons, Inc., 1953</subfield></datafield><datafield ind1=" " ind2=" " tag="490"><subfield code="a">Vii + 483 P</subfield></datafield></record></collection>